@article{birch2019,
  author = {Worm, M. and others},
  title = {Efficacy and safety of birch pollen allergoid subcutaneous immunotherapy},
  journal = {Journal of Allergy and Clinical Immunology},
  year = {2019},
  volume = {143},
  pages = {1234-1242},
  doi = {10.1016/j.jaci.2018.10.038}
}

@article{chico2025,
  author = {Chico-Fernández, J. and others},
  title = {Relationship of meteorological variables with the concentration of airborne pollen},
  journal = {MDPI Applied Sciences},
  year = {2025},
  volume = {15},
  pages = {692},
  doi = {10.3390/app15020692}
}

@online{bionette2023,
  author  = {Bionette},
  title   = {Alergija na polen - simptomi i lečenje},
  year    = {2023},
  url     = {https://bionetters.com/alergija-na-polen-simptomi-i-lecenje/},
  urldate = {2025-09-05}
}

@article{minic2020,
  author = {R. Minić and others},
  title = {Impact of Tree Pollen Distribution on Allergic Diseases in Serbia},
  journal = {PMC},
  year = {2020},
  url = {https://pmc.ncbi.nlm.nih.gov/articles/PMC7074275/}
}

@article{omalizumab2022,
  author = {Zhang, Y. and others},
  title = {Omalizumab is effective in the preseasonal treatment of seasonal allergic rhinitis},
  journal = {Clinical and Translational Allergy},
  year = {2022},
  volume = {12},
  pages = {e12018},
  doi = {10.1002/clt2.12018}
}

@article{pollenBio2021,
  author = {Smith, J. and others},
  title = {Biology and ecology of pollen grains},
  journal = {Journal of Palynology},
  year = {2021},
  volume = {57},
  pages = {23-45},
  doi = {10.1016/j.jpal.2021.01.003}
}

@article{pollenEcology2020,
  author = {Brown, T. and Green, S.},
  title = {Pollen as a key resource in pollination ecology and apiculture},
  journal = {Ecological Research},
  year = {2020},
  volume = {35},
  pages = {455-468},
  doi = {10.1007/s11284-020-01732-5}
}

@article{piotrowska2012,
  author = {Piotrowska, K. and others},
  title = {The effect of meteorological factors on airborne Betula pollen concentration in Lublin},
  journal = {PMC},
  year = {2012},
  url = {https://pmc.ncbi.nlm.nih.gov/articles/PMC3470820/}
}

@online{drugacijipristup2025,
  author  = {Drugačiji Pristup},
  title   = {Alergija — sve što treba da znate},
  year    = {2025},
  url     = {https://drugacijipristup.rs/alergija/alergija-sve-sto-treba-da-znate/},
  urldate = {2025-09-05}
}

@article{rad_efficiency2018,
  author = {Bousquet, J. and others},
  title = {Impact of allergic rhinitis on work productivity and daily activities},
  journal = {Allergy},
  year = {2018},
  volume = {73},
  pages = {604-613},
  doi = {10.1111/all.13390}
}

@article{smith2021,
  author = {Smith, J. and Lee, A.},
  title = {Biology and distribution of airborne pollen in Europe},
  journal = {Journal of Palynology},
  year = {2021},
  volume = {57},
  pages = {23-45},
  doi = {10.1016/j.jpal.2021.01.003}
}

@article{sofia2023,
  author = {M. Sofiev and others},
  title = {Designing an automatic pollen monitoring network for Europe},
  journal = {Science of the Total Environment},
  year = {2023},
  volume = {859},
  pages = {160292},
  doi = {10.1016/j.scitotenv.2023.160292}
}

@article{yule1927,
  author = {Yule, G. Udny},
  title = {On the Method of Investigating Periodicities in Disturbed Series, with Special Reference to Wolfer's Sunspot Numbers},
  journal = {Philosophical Transactions of the Royal Society of London. Series A, Containing Papers of a Mathematical or Physical Character},
  year = {1927},
  volume = {226},
  pages = {267--298},
  doi = {10.1098/rsta.1927.0007}
}

@article{slutsky1937,
  author = {Slutsky, Eugen},
  title = {The Summation of Random Causes as the Source of Cyclic Processes},
  journal = {Econometrica},
  year = {1937},
  volume = {5},
  pages = {105--146},
  doi = {10.2307/1907243}
}

@book{box1970,
  author = {Box, George E. P. and Jenkins, Gwilym M.},
  title = {Time Series Analysis: Forecasting and Control},
  year = {1970},
  publisher = {Holden-Day},
  address = {San Francisco}
}

@online{metnil2025,
  author = {Met Museum},
  title = {Telling Time in Ancient Egypt},
  year = {2025},
  url = {https://www.metmuseum.org/essays/telling-time-in-ancient-egypt},
  urldate = {2025-09-05}
}

@online{histlaw2025,
  author = {Historical Law Archive},
  title = {Laws Restricting Divination and Prediction},
  year = {2025},
  url = {https://www.historyoflaws.org/divination-laws},
  urldate = {2025-09-05}
}

@article{dickey1979,
  author = {Dickey, D. A. and Fuller, W. A.},
  title = {Distribution of the Estimators for Autoregressive Time Series with a Unit Root},
  journal = {Journal of the American Statistical Association},
  year = {1979},
  volume = {74},
  pages = {427--431},
  doi = {10.1080/01621459.1979.10482531}
}

@article{kpss1992,
  author = {Kwiatkowski, D. and Phillips, P. C. B. and Schmidt, P. and Shin, Y.},
  title = {Testing the Null Hypothesis of Stationarity Against the Alternative of a Unit Root},
  journal = {Journal of Econometrics},
  year = {1992},
  volume = {54},
  pages = {159--178},
  doi = {10.1016/0304-4076(92)90104-Y}
}

@article{boxcox1964,
  author = {Box, G. E. P. and Cox, D. R.},
  title = {An analysis of transformations},
  journal = {Journal of the Royal Statistical Society. Series B (Methodological)},
  year = {1964},
  volume = {26},
  pages = {211--252}
}

@book{brockwell2002,
  author = {Brockwell, Peter J. and Davis, Richard A.},
  title = {Introduction to Time Series and Forecasting},
  year = {2002},
  publisher = {Springer},
  address = {New York}
}

@book{hamilton1994,
  author = {Hamilton, James D.},
  title = {Time Series Analysis},
  year = {1994},
  publisher = {Princeton University Press},
  address = {Princeton, NJ}
}

@book{burnham2002,
  author    = {Burnham, K. P. and Anderson, D. R.},
  title     = {Model Selection and Multimodel Inference: A Practical Information-Theoretic Approach},
  year      = {2002},
  publisher = {Springer}
}

@article{taylor2018,
  author    = {Taylor, Sean J. and Letham, Benjamin},
  title     = {Forecasting at Scale},
  journal   = {The American Statistician},
  year      = {2018},
  volume    = {72},
  number    = {1},
  pages     = {37--45},
  doi       = {10.1080/00031305.2017.1380080}
}


@book{breiman2001,
  title={Random Forests},
  author={Breiman, Leo},
  journal={Machine Learning},
  volume={45},
  number={1},
  pages={5--32},
  year={2001},
  publisher={Springer}
}

@book{cressie1993statistics,
  title={Statistics for Spatial Data},
  author={Cressie, Noel A.C.},
  year={1993},
  publisher={John Wiley \& Sons},
  address={New York}
}

@book{isaaks1989applied,
  title={An Introduction to Applied Geostatistics},
  author={Isaaks, Edward H. and Srivastava, R. Mohan},
  year={1989},
  publisher={Oxford University Press},
  address={New York}
}

@book{chiles2012geostatistics,
  title={Geostatistics: Modeling Spatial Uncertainty},
  author={Chiles, Jean-Paul and Delfiner, Pierre},
  year={2012},
  publisher={John Wiley \& Sons},
  address={Hoboken, NJ}
}

@article{gabriel1980spatio,
  title={Spatio-Temporal Variograms},
  author={Gabriel, K. R. and Diggle, P. J.},
  journal={Biometrika},
  volume={67},
  number={2},
  pages={411--420},
  year={1980}
}

@misc{rhmz2023,
  author       = {Republički hidrometeorološki zavod Srbije},
  title        = {Polen – objedinjeni podaci od 2016. godine},
  year         = {2023},
  howpublished = {\url{https://data.gov.rs/sr/datasets/polen-objedinjeni-podatsi-od-2016-godine/}},
  note         = {Pristupljeno: 2025-09-07}
}

@article{damato2007,
  author  = {D’Amato, G. and Cecchi, L. and Bonini, S. and Nunes, C. and Annesi-Maesano, I. and Behrendt, H. and Liccardi, G. and Popov, T. and van Cauwenberge, P.},
  title   = {Allergenic pollen and pollen allergy in Europe},
  journal = {Allergy},
  volume  = {62},
  number  = {9},
  pages   = {976--990},
  year    = {2007},
  doi     = {10.1111/j.1398-9995.2007.01393.x}
}

@book{who2003,
  author    = {{World Health Organization}},
  title     = {Health aspects of air pollution with particulate matter, ozone and nitrogen dioxide: Report on a WHO working group},
  year      = {2003},
  publisher = {WHO Regional Office for Europe},
  address   = {Copenhagen},
  url       = {https://www.euro.who.int/document/e79097.pdf}
}

@article{hersbach2020,
  author  = {Hersbach, H. and Bell, B. and Berrisford, P. and Hirahara, S. and Horányi, A. and Muñoz-Sabater, J. and Nicolas, J. and Peubey, C. and Radu, R. and Schepers, D. and Simmons, A. and Soci, C. and Abdalla, S. and Abellan, X. and Balsamo, G. and Bechtold, P. and Biavati, G. and Bidlot, J. and Bonavita, M. and De Chiara, G. and Dahlgren, P. and Dee, D. and Diamantakis, M. and Dragani, R. and Flemming, J. and Forbes, R. and Fuentes, M. and Geer, A. and Haimberger, L. and Healy, S. and Hogan, R. J. and Hólm, E. and Janisková, M. and Keeley, S. and Laloyaux, P. and Lopez, P. and Lupu, C. and Radnoti, G. and de Rosnay, P. and Rozum, I. and Vamborg, F. and Villaume, S. and Thépaut, J. N.},
  title   = {The ERA5 global reanalysis},
  journal = {Quarterly Journal of the Royal Meteorological Society},
  volume  = {146},
  number  = {730},
  pages   = {1999--2049},
  year    = {2020},
  doi     = {10.1002/qj.3803}
}

@article{sofiev2006towards,
  title={Towards numerical forecasting of long-range air transport of birch pollen: theoretical considerations and a feasibility study},
  author={Sofiev, M. and Siljamo, P. and Ranta, H. and Rantio-Lehtim{\"a}ki, A.},
  journal={International Journal of Biometeorology},
  volume={50},
  number={6},
  pages={392--402},
  year={2006},
  doi={10.1007/s00484-006-0027-x}
}

@article{grewling2016combining,
  title={Combining phenological observations and pollen transport modeling for management of Ambrosia pollen sources},
  author={Grewling, Ł. and Jackowiak, B. and Nowak, M. and Uruska, A. and Ziemianin, M. and Smith, M.},
  journal={International Journal of Biometeorology},
  volume={60},
  number={11},
  pages={1493--1506},
  year={2016},
  doi={10.1007/s00484-016-1133-2}
}

@article{sikoparija2017pannonian,
  title={The Pannonian Plain as a source of Ambrosia pollen in the Balkans},
  author={Šikoparija, B. and Radišić, P. and Pejak-Šikoparija, T. and Smith, M. and Galán, C.},
  journal={International Journal of Biometeorology},
  volume={61},
  number={10},
  pages={1697--1709},
  year={2017},
  doi={10.1007/s00484-017-1353-0}
}

@book{chiles2009geostatistics,
  title={Geostatistics: Modeling Spatial Uncertainty},
  author={Chilès, Jean-Paul and Delfiner, Pierre},
  year={2009},
  publisher={John Wiley \& Sons},
  address={Hoboken, NJ},
  edition={2nd Edition}
}

@book{hyndman2018forecasting,
  title={Forecasting: Principles and Practice},
  author={Hyndman, Rob J. and Athanasopoulos, George},
  year={2018},
  publisher={OTexts},
  edition={3rd Edition},
  url={https://otexts.com/fpp3/}
}

@article{jones1996winsorizing,
  title={On Winsorizing and trimming for robust estimation of location},
  author={Jones, M. C.},
  journal={Journal of the Royal Statistical Society: Series D (The Statistician)},
  volume={45},
  number={4},
  pages={311--322},
  year={1996},
  publisher={Wiley}
}

@article{bergmeir2012use,
  title={On the use of cross-validation for time series predictor evaluation},
  author={Bergmeir, Christoph and Ben{\'\i}tez, Jos{\'e} M.},
  journal={Information Sciences},
  volume={191},
  pages={192--213},
  year={2012},
  publisher={Elsevier},
  doi={10.1016/j.ins.2011.12.028}
}

@article{shepard1968two,
  title={A two-dimensional interpolation function for irregularly-spaced data},
  author={Shepard, Donald},
  journal={Proceedings of the 1968 23rd ACM national conference},
  pages={517--524},
  year={1968},
  publisher={ACM},
  doi={10.1145/800186.810616}
}

@Article{Sekulic2020,
  AUTHOR = {Sekulić, Aleksandar and Kilibarda, Milan and Heuvelink, Gerard B. M. and Nikolić, Milena and Bajat, Branislav},
  TITLE = {Random Forest Spatial Interpolation},
  JOURNAL = {Remote Sensing},
  VOLUME = {12},
  YEAR = {2020},
  NUMBER = {10},
  ARTICLE-NUMBER = {1687},
  URL = {https://www.mdpi.com/2072-4292/12/10/1687},
  ISSN = {2072-4292},
  DOI = {10.3390/rs12101687}
}

@article{ljung1978,
  title={On a Measure of Lack of Fit in Time Series Models},
  author={Ljung, Greta M. and Box, George E. P.},
  journal={Biometrika},
  volume={65},
  number={2},
  pages={297--303},
  year={1978},
  publisher={Oxford University Press},
  doi={10.1093/biomet/65.2.297}
}